@book{hardy_heath-brown_wright_2011,
  place     = {Oxford},
  title     = {An introduction to the theory of numbers},
  publisher = {Oxford Univ. Press},
  author    = {Hardy, Godfrey H. and Heath-Brown, D. R. and Wright, E. M.},
  year      = {2011}
}
@article{fürer_2007,
  title   = {Faster integer multiplication},
  doi     = {10.1145/1250790.1250800},
  journal = {Proceedings of the thirty-ninth annual ACM symposium on Theory of computing - STOC 07},
  author  = {Fürer, Martin},
  year    = {2007}
}